% This file was created with JabRef 2.7b.
% Encoding: ISO8859_1

@ARTICLE{Adams2001,
  author = {Marvin L. Adams},
  title = {{D}iscontinuous {F}inite {E}lement {T}ransport {S}olutions in {T}hick
	{D}iffusive {P}roblems},
  journal = {Nuclear Science and Engineering},
  year = {2001},
  volume = {137},
  pages = {298-333},
  file = {Discontinuous Finite Element Transport Solutions in Thick Diffusive Problems.pdf:DG/Discontinuous Finite Element Transport Solutions in Thick Diffusive Problems.pdf:PDF},
  keywords = {Dg},
  owner = {bruno},
  timestamp = {2012.11.15}
}

@ARTICLE{Adams2002,
  author = {Marvin L. Adams and Edward W. Larsen},
  title = {{F}ast iterative methods for discrete-ordinates particle transport
	calculations},
  journal = {Progress in Nuclear Energy},
  year = {2002},
  volume = {40},
  pages = {3-159},
  keywords = {Acceleration, DSA},
  owner = {bruno},
  timestamp = {2012.09.14}
}

@ARTICLE{Adams1993,
  author = {Marvin L. Adams and Todd A. Wareing},
  title = {{D}iffusion-synthetic acceleration given anisotropic scattering,
	general quadratures, and multidimensions},
  journal = {Conference: American Nuclear Society(ANS) annual meeting, San Diego},
  year = {1993},
  volume = {68},
  month = {June},
  keywords = {Acceleration, DSA},
  owner = {bruno},
  timestamp = {2012.09.14}
}

@ARTICLE{Arnold2000,
  author = {Douglas N. Arnold and Arup Mukherjee and Luc Pouly},
  title = {{L}ocally {A}dapted {T}etrahedral {M}eshes {U}sing {B}isection},
  journal = {Journal of Computational Physics},
  year = {2000},
  volume = {22},
  pages = {421-448},
  number = {2},
  keywords = {Amr},
  owner = {bruno},
  timestamp = {2012.11.20}
}

@ARTICLE{Axelsson1991,
  author = {O. Axelsson and P.S. Vassilevshi},
  title = {{A} {B}lack-{B}ox {G}eneralized {C}onjugate {G}radients {S}olver
	with {I}nner {I}terations and {V}ariable-{S}tep {P}reconditioning},
  journal = {SIAM Journal on Matrix Analysis on Applications},
  year = {1991},
  volume = {12},
  pages = {625-644},
  keywords = {Krylov-solver},
  owner = {bruno},
  timestamp = {2012.10.31}
}

@PHDTHESIS{Bailey2008,
  author = {Teresa S. Bailey},
  title = {{T}he piecewise linear discontinuous finite element method applied
	to the {RZ} and {XYZ} transport equations},
  school = {Texas A\&M University},
  year = {2008},
  keywords = {Dg, Spatial-Discretization},
  owner = {bruno},
  timestamp = {2012.11.15}
}

@ARTICLE{Bailey2008a,
  author = {Teresa S. Bailey and Marvin L. Adams and Brian Yang and Michael R.
	Zika},
  title = {{A} piecewise linear finite elements discretization of the diffusion
	equation for arbitrary polyhedral grids},
  journal = {Journal of Computational Physics},
  year = {2008},
  volume = {227},
  pages = {3738-3757},
  keywords = {Dg, Spatial-Discretization},
  owner = {bruno},
  timestamp = {2012.11.15}
}

@ARTICLE{Bailey2011,
  author = {Teresa S. Bailey and James S. Warsa and Jae H. Chang and Marvin L.
	Adams},
  title = {{A} {P}iecewise {B}i-{L}inear {F}inie {E}lement {S}patial {D}iscretization
	of the {S}n {T}ransport {E}quation},
  journal = {International Conference on Mathematics and Compuational Methods
	Applied to Nuclear Science and Engineering},
  year = {2011},
  month = {May 8-12},
  note = {Rio de Janeiro, Brazil},
  keywords = {Spatial-Discretization,Dg},
  owner = {bruno},
  timestamp = {2012.11.19}
}

@ARTICLE{Baker1998,
  author = {R.S. Baker and K.R. Koch},
  title = {{A}n {S}n algorithm for the massively parallel {CM}-200 computer},
  journal = {Nuclear Science and Engineering},
  year = {1998},
  volume = {128},
  pages = {312-320},
  keywords = {Sweep},
  owner = {bruno},
  timestamp = {2012.11.07}
}

@ARTICLE{Baker2002,
  author = {Randal S. Baker},
  title = {{A} {B}lock {A}daptive {M}esh {R}efinement {A}lgorithm for the {N}eutral
	{P}article {T}ransport {E}quation},
  journal = {Nuclear Science and Engineering},
  year = {2002},
  volume = {141},
  pages = {1-12},
  number = {1},
  month = {May},
  keywords = {Amr},
  owner = {bruno},
  timestamp = {2012.11.16}
}

@ARTICLE{Bangerth2007,
  author = {W. Bangerth and R. Hartmann and G. Kanschat},
  title = {deall.{II}-{A} {G}eneral-{P}urpose {O}bject-{O}riented {F}inite {E}lement
	{L}ibrary},
  journal = {ACM Transactions on Mathematical Software},
  year = {2007},
  volume = {33},
  number = {4},
  keywords = {Amr},
  owner = {bruno},
  timestamp = {2012.11.20}
}

@ARTICLE{Blaheta2002,
  author = {R. Blaheta},
  title = {{GPCG}-{G}eneralized {P}reconditioned {CG} {M}ethod and {I}ts {U}se
	with {N}on-{L}inear and {N}on-{S}ymmetric {D}isplacement {D}ecomposition
	{P}reconditioners},
  journal = {Numerical Linear Algebra with Applications},
  year = {2002},
  volume = {9},
  pages = {527-550},
  keywords = {Krylov-solver},
  owner = {bruno},
  timestamp = {2012.10.31}
}

@ARTICLE{Brezzi2005,
  author = {Franco Brezzi and Konstantin Lipnikov and Valeria Simoncini},
  title = {{A} {F}amily of {M}imetic {F}inite {D}ifference {M}ethods on {P}olygonal
	and {P}olyhedral {M}eshes},
  journal = {Mathematical Models and Methods in Applied Sciences},
  year = {2005},
  volume = {15},
  pages = {1533-1551},
  number = {10},
  file = {A Family of Mimetic Finite Difference Methods on Polygonal and Polyhedral Meshes.pdf:FD/A Family of Mimetic Finite Difference Methods on Polygonal and Polyhedral Meshes.pdf:PDF},
  keywords = {MFD, Spatial-Discretization},
  owner = {bruno},
  timestamp = {2012.11.19}
}

@ARTICLE{Deasy1997,
  author = {J. O. Deasy},
  title = {{M}ultiple local minima in radiotherapy optimization problems with
	dose-volume constraints},
  journal = {American Association of Physicists in Medicine},
  year = {1997},
  volume = {24},
  pages = {1157-1161},
  month = {July},
  keywords = {Optimization, Radiotherapy},
  owner = {bruno},
  timestamp = {2012.09.14}
}

@ARTICLE{Eisestat1983,
  author = {Stanley C. Eisestat},
  title = {{E}fficient {I}mplementation of a {C}lass of {P}reconditioned {C}onjugate
	{G}radient {M}ethods},
  journal = {SIAM Journal on Scientific and Statistical Computing},
  year = {1983},
  volume = {2},
  pages = {1-4},
  number = {1},
  file = {Efficient Implementation of a Class of Preconditioned Conjugate Gradient Methods .pdf:Krylov/Efficient Implementation of a Class of Preconditioned Conjugate Gradient Methods .pdf:PDF},
  keywords = {Krylov-solver, Acceleration},
  owner = {bruno},
  timestamp = {2012.10.31}
}

@ARTICLE{Evans2010,
  author = {Thomas M. Evans and Kevin T. Clarno and Jim E. Morel},
  title = {{A} {T}ransport {A}cceleration {S}cheme for {M}ultigroup {D}iscrete
	{O}rdinates with {U}pscattering},
  journal = {Nuclear Science and Engineering},
  year = {2010},
  volume = {165},
  pages = {292-304},
  keywords = {Acceleration},
  owner = {bruno},
  timestamp = {2012.11.07}
}

@ARTICLE{Gifford2006,
  author = {Kent A. Gifford and John L. Horton Jr. and Todd A. Wareing and Gregory
	Failla and Firas Mourtada},
  title = {{C}omparison of a finite-element multigroup discrete-ordinates code
	with {M}onte-{C}arlo for radiotherapy calculations},
  journal = {Physics in Medicine and Biology},
  year = {2006},
  volume = {51},
  file = {Comparison of a finite-element multigroup discrete-ordinates code with Monte-Carlo for radiotherapy calculations.pdf:electron/Comparison of a finite-element multigroup discrete-ordinates code with Monte-Carlo for radiotherapy calculations.pdf:PDF},
  keywords = {Radiotherapy, Electron, Charged-Particle},
  owner = {bruno},
  timestamp = {2012.09.14}
}

@ARTICLE{Golub1997,
  author = {G.H. Golub and Q. Ye},
  title = {{I}nexact {P}reconditioned {C}onjugate {G}radient {M}ethod with {I}nner-{O}uter
	{I}terations},
  journal = {SIAM Journal of Scientific Computing},
  year = {1997},
  volume = {21},
  pages = {1305-1320},
  keywords = {Krylov-solver},
  owner = {bruno},
  timestamp = {2012.10.31}
}

@ARTICLE{Honrubia1986,
  author = {J.J. Honrubia and J.M. Aragones},
  title = {{F}inite {E}lement method for charged-particle calculations},
  journal = {Nuclear Science and Engineering},
  year = {1986},
  volume = {93},
  pages = {386-402},
  keywords = {Electron, Charged-Particle},
  owner = {bruno},
  timestamp = {2012.09.14}
}

@ARTICLE{Hou2002,
  author = {Qin Hou and Jun Wang and Yan Chen and James M. Gavin},
  title = {{A}n optimization algorithm for intensity modulated radiotherapy
	- {T}he simulated dynamics with dose-volume constraints},
  journal = {American Association of Physicists in Medicine},
  year = {2002},
  volume = {30},
  pages = {61-68},
  month = {December},
  keywords = {Optimization, Radiotherapy},
  owner = {bruno},
  timestamp = {2012.10.09}
}

@ARTICLE{Hyman2002,
  author = {J. Hyman and J. Morel and M. Shashkov and S. Steinberg},
  title = {{M}imetic finite difference methods for diffusion equations},
  journal = {Computational Geosciences},
  year = {2002},
  volume = {6},
  pages = {333-352},
  file = {Mimetic finite difference methods for diffusion equations on non-orthogoal non-conformal meshes.pdf:FD/Mimetic finite difference methods for diffusion equations on non-orthogoal non-conformal meshes.pdf:PDF;Mimetic finite difference methods for diffusion equations.pdf:FD/Mimetic finite difference methods for diffusion equations.pdf:PDF},
  keywords = {Spatial-Discretization, Mfd},
  owner = {bruno},
  timestamp = {2012.11.19}
}

@ARTICLE{Jacques2011,
  author = {Robert Jacques and JohnWong and Russel Taylor and Todd McNutt},
  title = {{R}eal-time dose computation: {GPU}-accelerated source modeling and
	superposition/convolution},
  journal = {Medical Physics},
  year = {2011},
  volume = {38},
  pages = {294-305},
  keywords = {Radiotherapy},
  owner = {bruno},
  timestamp = {2012.10.31}
}

@ARTICLE{Jessee1998,
  author = {J. Patrick Jessee and Woodrow A. Fiveland and Louis H. Powell and
	Phillip Colella and Richard B. Pember},
  title = {{A}n {A}daptive {M}esh {R}efinement {A}lgorithm for the {R}adiative
	{T}ransport {E}quation},
  journal = {Journal of Computational Physics},
  year = {1998},
  volume = {139},
  pages = {380-398},
  file = {An Adaptive Mesh Refinement Algorithm for the Radiative Transport Equation.pdf:AMR/An Adaptive Mesh Refinement Algorithm for the Radiative Transport Equation.pdf:PDF},
  keywords = {Radiative_transfer, Amr},
  owner = {bruno},
  timestamp = {2012.11.16}
}

@BOOK{Kanschat2007,
  title = {{D}iscontinuous {G}alerkin {M}ethods for {V}iscous {I}ncompressible
	{F}low},
  publisher = {Springer},
  year = {2007},
  author = {Guido Kanschat},
  keywords = {Dg},
  owner = {bruno},
  timestamp = {2012.11.20}
}

@ARTICLE{Khattab1991,
  author = {Kassem M. Khattab and Edward W. Larsen},
  title = {{S}ynthetic {A}cceleration {M}ethods for {L}inear {T}ransport {P}roblems
	with {H}ighly {A}nisotropic {S}cattering},
  journal = {Nuclear Science and Engineering},
  year = {1991},
  volume = {107},
  pages = {217-227},
  keywords = {DSA, Acceleration},
  owner = {bruno},
  timestamp = {2012.09.14}
}

@ARTICLE{Krieger2005,
  author = {Thomas Krieger and Otto A. Sauer},
  title = {{M}onte-{C}arlo- versus pencil-beam-/collapsed-cone-dose calculation
	in a heterogeneous multi-layer phantom},
  journal = {Physics in Medicine and Biology},
  year = {2005},
  volume = {50},
  keywords = {Pencil-Beam},
  owner = {bruno},
  timestamp = {2012.09.14}
}

@ARTICLE{Kuznetsov2004,
  author = {Y. Kuznetsov and K. Lipnikov and M. Shashkov},
  title = {{T}he mimetic finite difference method on polygonal meshes for diffusion-type
	problems},
  journal = {Computational Geosciences},
  year = {2004},
  volume = {8},
  pages = {301-324},
  keywords = {Spatial-Discretization, MFD},
  owner = {bruno},
  timestamp = {2012.11.19}
}

@ARTICLE{Larsen1999,
  author = {Edward W. Larsen},
  title = {{T}he {L}inear {B}oltzmann {E}quation in {O}ptically {T}hick {S}ystems
	with {F}orward-{P}eaked {S}cattering},
  journal = {Progress in Nuclear Energy},
  year = {1999},
  volume = {34},
  keywords = {Electron, Forward-Peaked},
  owner = {bruno},
  timestamp = {2012.09.14}
}

@ARTICLE{Lathrop1965,
  author = {K.D. Lathrop},
  title = {{A}nisotropic {S}cattering {A}pproximations in the {M}onoenergetic
	{B}oltzmann {E}quation},
  journal = {Nuclear Science and Engineering},
  year = {1965},
  volume = {21},
  pages = {498-508},
  keywords = {Transport-Correction},
  owner = {bruno},
  timestamp = {2012.11.07}
}

@ARTICLE{Lazo1986,
  author = {Maximo S. Lazo and J.E. Morel},
  title = {{A} {L}inear {D}iscontinuous {G}alerkin {A}pproximation for the {C}ontinuous
	{S}lowing {D}own {O}perator},
  journal = {Nuclear Science and Engineering},
  year = {1986},
  volume = {92},
  pages = {98-106},
  keywords = {Boltzmann-Fokker-Planck, Electron, Charged-Particle},
  owner = {bruno},
  timestamp = {2012.11.07}
}

@ARTICLE{Lipnikov2004,
  author = {Konstantin Lipnikov and Jim Morel and Mikhail Shashkov},
  title = {{M}imetic finite difference methods for diffusion equations on non-orthogonal
	non-conformal meshes},
  journal = {Journal of Computational Physics},
  year = {2004},
  volume = {199},
  pages = {589-597},
  keywords = {Spatial-Discretization, MFD},
  owner = {bruno},
  timestamp = {2012.11.19}
}

@ARTICLE{Liscum-Powell2002,
  author = {Jennifer L. Liscum-Powell and Anil K. Prinja and Jim E. Morel and
	Leonard J. Lorence,Jr.},
  title = {{F}inite {E}lement {S}olution of the {S}elf-{A}djoint {A}ngular {F}lux
	{E}quation for {C}oupled {E}lectron-{P}hoton {T}ransport},
  journal = {Nuclear Science and Engineering},
  year = {2002},
  volume = {142},
  pages = {270-291},
  file = {Finite Element Solution of the Self-Adjoint Angular Flux Equation for Coupled Electron-Photon Transport.pdf:electron/Finite Element Solution of the Self-Adjoint Angular Flux Equation for Coupled Electron-Photon Transport.pdf:PDF},
  keywords = {Electron},
  owner = {bruno},
  timestamp = {2012.09.14}
}

@ARTICLE{Marzi2001,
  author = {Simona Marzi and Maurizio Mattia and Paolo Del Giudice and Barbara
	Caccia and Marcello Benassi},
  title = {{O}ptimization of intensity modulated radiation therapy: assessing
	the complexity of the problem},
  journal = {Annali dell'Istituto Superiori di Sanita},
  year = {2001},
  volume = {37},
  pages = {225-230},
  file = {Optimization of intensity modulated radiation therapy\: assessing the complexity of the problem.pdf:radiotherapy/Optimization of intensity modulated radiation therapy\: assessing the complexity of the problem.pdf:PDF},
  keywords = {Optimization, Radiotherapy},
  owner = {bruno},
  timestamp = {2012.10.09}
}

@ARTICLE{Morel1985,
  author = {J.E. Morel},
  title = {{A}n {I}mproved {F}okker-{P}lanck {D}ifferencing {S}cheme},
  journal = {Nuclear Science and Engineering},
  year = {1985},
  volume = {89},
  keywords = {Fokker-Planck, Electron},
  owner = {bruno},
  timestamp = {2012.09.14}
}

@ARTICLE{Morel1985a,
  author = {J.E. Morel},
  title = {{M}ultigroup {L}egendre {C}oefficients for the {D}iamond {D}ifference
	{C}ontinuous {S}lowing {D}own {O}perator},
  journal = {Nuclear Science and Engineering},
  year = {1985},
  volume = {91},
  pages = {324-331},
  keywords = {Boltzmann-Fokker-Planck, Electron, Charged-Particle},
  owner = {bruno},
  timestamp = {2012.10.31}
}

@ARTICLE{Morel1981,
  author = {J.E. Morel},
  title = {{F}okker-{P}lanck {C}alculations {U}sing {S}tandard {D}iscrete {O}rdinates
	{T}ransport {C}odes},
  journal = {Nuclear Science and Engineering},
  year = {1981},
  volume = {79},
  file = {Fokker-Planck Calculations Using Standard Discrete Ordinates Transport Codes.pdf:electron/Fokker-Planck Calculations Using Standard Discrete Ordinates Transport Codes.pdf:PDF},
  keywords = {Electron, Fokker-Planck},
  owner = {bruno},
  timestamp = {2012.09.14}
}

@ARTICLE{Morel1991,
  author = {J.E. Morel and T.A. Manteuffel},
  title = {{A}n {A}ngular {M}ultigroup {A}cceleration {T}echnique for {S}n {E}quations
	with {H}ighly {F}orward-{P}eaked {S}cattering},
  journal = {Nuclear Science and Engineering},
  year = {1991},
  volume = {107},
  pages = {330-342},
  keywords = {Acceleration, Forward-Peaked,Multigrid},
  owner = {bruno},
  timestamp = {2012.10.31}
}

@ARTICLE{Morel2007,
  author = {J.E. Morel and A. Prinja and J.M. McGhee and T.A. Wareing},
  title = {{A} {D}iscretization {S}cheme for the {T}hree-{D}imensional {A}ngular
	{F}okker-{P}lanck {O}perator},
  journal = {Nuclear Science and Engineering},
  year = {2007},
  volume = {156},
  file = {morel. a discretization scheme for the three-dimensional angular fokker-planck operator.pdf:BFP/morel. a discretization scheme for the three-dimensional angular fokker-planck operator.pdf:PDF},
  keywords = {Electron, Fokker-Planck},
  owner = {bruno},
  timestamp = {2012.09.14}
}

@ARTICLE{Morel1996,
  author = {J.E. Morel and D.P. Sloan},
  title = {{A} {H}ybrid {M}ultigroup/{C}ontinuous-{E}nergy {M}onte-{C}arlo {M}ethod
	for {S}olving the {B}oltzmann-{F}okker-{P}lanck {E}quation},
  journal = {Nuclear Science and Engineering},
  year = {1996},
  volume = {124},
  keywords = {Monte-Carlo, Boltzmann-Fokker-Planck},
  owner = {bruno},
  timestamp = {2012.09.14}
}

@ARTICLE{Morel1989,
  author = {J. E. Morel},
  title = {{A} {H}ybrid {C}ollocation-{G}alerkin-{S}n {M}ethod for {S}olving
	the {B}oltzmann {T}ransport {E}quation},
  journal = {Nuclear Science and Engineering},
  year = {1989},
  volume = {101},
  file = {A Hybrid Collocation-Galerkin-Sn Method for Solving the Boltzmann Transport Equation.pdf:angular/A Hybrid Collocation-Galerkin-Sn Method for Solving the Boltzmann Transport Equation.pdf:PDF},
  keywords = {Electron,Galerkin},
  owner = {bruno},
  timestamp = {2012.09.14}
}

@ARTICLE{Morel1979,
  author = {J. E. Morel},
  title = {{O}n the {V}alidity of the {E}xtended {T}ransport {C}ross-{S}ection
	{C}orrection for {L}ow-{E}nergy {E}lectron {T}ransport},
  journal = {Nuclear Science and Engineering},
  year = {1979},
  volume = {71},
  pages = {64-71},
  file = {On the Validity of the Extended Transport Cross-Section Correction for Low-Energy Electron Transport.pdf:transport correction/On the Validity of the Extended Transport Cross-Section Correction for Low-Energy Electron Transport.pdf:PDF},
  keywords = {Electron, Transport-Correction},
  owner = {bruno},
  timestamp = {2012.09.14}
}

@ARTICLE{Napov2012,
  author = {Artem Napov and Yvan Notay},
  title = {{A}n {A}lgebraic {M}ultigrid {M}ethod with {G}uaranteed {C}onvergence
	{R}ate},
  journal = {SIAM Journal of Scientific Computing},
  year = {2012},
  volume = {34},
  pages = {1079-1109},
  keywords = {Multigrid},
  owner = {bruno},
  timestamp = {2012.10.31}
}

@TECHREPORT{Notay2011,
  author = {Yvan Notay},
  title = {{U}ser's {G}uide to {AGMG}},
  institution = {Universite Libre de Bruxelles},
  year = {2011},
  keywords = {Multigrid},
  owner = {bruno},
  timestamp = {2012.10.31}
}

@ARTICLE{Notay2010,
  author = {Yvan Notay},
  title = {{A}n {A}ggregation-{B}ased {A}lgebraic {M}ultigrid {M}et},
  journal = {Electronic Transactions on Numerical Analysis},
  year = {2010},
  volume = {37},
  pages = {123-146},
  keywords = {Multigrid},
  owner = {bruno},
  timestamp = {2012.10.31}
}

@ARTICLE{Notay2000,
  author = {Yvan Notay},
  title = {{F}lexible {C}onjugate {G}radients},
  journal = {SIAM Journal of Scientific Computing},
  year = {2000},
  volume = {22},
  pages = {1444-1460},
  keywords = {Krylov-solver},
  owner = {bruno},
  timestamp = {2012.10.31}
}

@ARTICLE{Notay2008,
  author = {Yvan Notay and Panayot S. Vassilevski},
  title = {{R}ecursive {K}rylov-based {M}ultigrid {C}ycles},
  journal = {Numerical Linear Algebra with Applications},
  year = {2008},
  volume = {15},
  pages = {473-487},
  file = {Recursive Krylov-based Multigrid cycles.pdf:Multigrid/Recursive Krylov-based Multigrid cycles.pdf:PDF},
  keywords = {Multigrid},
  owner = {bruno},
  timestamp = {2012.10.31}
}

@ARTICLE{Palmer2001,
  author = {T. S. Palmer},
  title = {{D}iscretizing the diffusion equation on unstructured polygonal
	meshes in two dimensions},
  journal = {Annals of Nuclear Energy},
  year = {2000},
  volume = {28},
  pages = {1851-1880},
  keywords = {Dg, Spatial-Discretization},
  owner = {bruno},
  timestamp = {2012.11.16}
}

@ARTICLE{Pautz1999,
  author = {S.D Pautz and J.E. Morel and M.L. Adams},
  title = {{A}n {A}ngular {M}ultigrid {A}cceleration {M}ethod for {S}n {E}quations
	with {H}ighly {F}orward-{P}eaked {S}cattering},
  journal = {Proceedings of International Conference on Mathematics and Computations,
	Reactor Physics, and Environmental Analysis in Nuclear Applications,
	Madrid,Spain},
  year = {1999},
  volume = {1},
  pages = {103-113},
  keywords = {Acceleration, Forward-Peaked, Multigrid},
  owner = {bruno},
  timestamp = {2012.10.31}
}

@TECHREPORT{Plantenga2009,
  author = {Todd D. Plantenga},
  title = {{HOPSPACK} 2.0 {U}ser {M}anual},
  institution = {Sandia National Laboratories, Albuquerque, NM and Livermore, CA},
  year = {2009},
  number = {SAND2009-6265},
  month = {October},
  keywords = {Optimization},
  owner = {bruno},
  timestamp = {2012.09.14}
}

@ARTICLE{Ragusa2010,
  author = {Jean C. Ragusa and Yaqi Wang},
  title = {{A} {T}wo-{M}esh {R}efinement {T}echnique for {S}n {N}eutral-{P}article
	{T}ransport using a {H}igh-{O}rder {DGFEM}},
  journal = {Journal of Computational and Applied Mathematics},
  year = {2010},
  volume = {233},
  pages = {3178-3188},
  number = {12},
  month = {April},
  keywords = {DG, AMR},
  owner = {bruno},
  timestamp = {2012.10.09}
}

@MISC{Sakata2011,
  author = {Shinichi Sakata},
  title = {{C}omputer {P}rograms},
  howpublished = {\url{http://faculty.arts.ubc.ca/ssakata/public_html/software/}},
  note = {Online; accessed 4-February-2011},
  keywords = {Optimization},
  owner = {bruno},
  timestamp = {2012.09.14}
}

@ARTICLE{Seco2005,
  author = {J. Seco and E. Adams and M. Bidmead and M. Partridge and F. Verhaegen},
  title = {{H}ead-and-neck {IMRT} treatments assessed with a {M}onte-{C}arlo
	dose calculation engine},
  journal = {Physics in Medicine and Biology},
  year = {2005},
  volume = {50},
  keywords = {Monte-Carlo, Radiotherapy},
  owner = {bruno},
  timestamp = {2012.09.14}
}

@ARTICLE{Shepard1999,
  author = {David M. Shepard and Michael C. Ferris and Gustavo H. Olvera and
	T. Rockwell Mackvie},
  title = {{O}ptimizing the {D}elivery of {R}adiation {T}herapy to {C}ancer
	{P}atients},
  journal = {SIAM Review},
  year = {1999},
  volume = {41},
  pages = {721-744},
  file = {Optimizing the Delivery of Radiation Therapy to Cancer Patients.pdf:radiotherapy/Optimizing the Delivery of Radiation Therapy to Cancer Patients.pdf:PDF},
  keywords = {Optimization, Radiotherapy},
  owner = {bruno},
  timestamp = {2012.10.09}
}

@ARTICLE{Solin2008,
  author = {Pavel Solin and Jakub Cerveny and Ivo Dolezel},
  title = {{A}rbitrary-level hanging nodes and automatic adaptivity in the hp-{FEM}},
  journal = {Mathematics and Computers in Simulation},
  year = {2008},
  volume = {77},
  pages = {117-132},
  keywords = {Amr},
  owner = {bruno},
  timestamp = {2012.11.20}
}

@ARTICLE{Stone2003,
  author = {Hiromi G. Stone and Marvin L. Adams},
  title = {{A} piecewise linear finite element basis with application to particle
	transport},
  journal = {Nuclear Mathematical and Computational Sciences : A Century in Review,
	A Century Anew, Gatlinburg, Tennessee},
  year = {2003},
  month = {April},
  file = {A piecewise linear finite element basis with application to particle transport.pdf:DG/A piecewise linear finite element basis with application to particle transport.pdf:PDF},
  keywords = {Dg, Spatial-Discretization},
  owner = {bruno},
  timestamp = {2012.11.15}
}

@BOOK{Strongin2000,
  title = {{G}lobal {O}ptimization with {N}on-{C}onvex {C}onstraints},
  publisher = {Kluwer Academic Publishers},
  year = {2000},
  editor = {Springer},
  author = {Roman G. Strongin and Yaroslav D. Sergeyev},
  keywords = {Optimization},
  owner = {bruno},
  timestamp = {2012.10.09}
}

@ARTICLE{Vassiliev2010,
  author = {Oleg N. Vassiliev and Todd A. Wareing and John McGhee and Gregory
	Failla and Mohammad R. Salehpour and Firas Mourtada},
  title = {{V}alidation of a new grid-based {B}oltzmann equation solver for
	dose calculation in radiotherapy with photo beams},
  journal = {Physics in Medicine and Biology},
  year = {2010},
  volume = {55},
  keywords = {Radiotherapy, Electron},
  owner = {bruno},
  timestamp = {2012.09.14}
}

@ARTICLE{Voloschenko1999,
  author = {Andrei M. Voloschenko},
  title = {{E}xperience in the {U}se of the {C}onsistent {P}1 {S}ynthetic {A}cceleration
	
	 {S}cheme for {S}n {T}ransport {E}quation in 2{D} {G}eometry},
  journal = {Proceedings of International Conference on Mathematics and Computations,
	Reactor Physics, and Environmental Analysis in Nuclear Applications,
	Madrid,Spain},
  year = {1999},
  volume = {1},
  pages = {104-113},
  month = {September},
  keywords = {Acceleration, P1SA},
  owner = {bruno},
  timestamp = {2012.09.14}
}

@BOOK{Wachspress1975,
  title = {{A} {R}ationale {F}inite {E}lement {B}asis},
  publisher = {New York : Academic Press},
  year = {1975},
  editor = {Wachspress},
  author = {Wachspress},
  keywords = {Spatial-Discretization, Dg},
  owner = {bruno},
  timestamp = {2012.11.20}
}

@MISC{Wagner2011,
  author = {Rick Wagner},
  title = {{R}ick {W}agner},
  howpublished = {\url{http://www-personal.umich.edu/~wagnerr/PythonAnneal.html}},
  note = {Online; accessed 4-February-2011},
  keywords = {Optimization},
  owner = {bruno},
  timestamp = {2012.09.14}
}

@PHDTHESIS{Wang2009,
  author = {Yaqi Wang},
  title = {{A}daptive {M}esh {R}efinement {S}olution {T}echnique for the {M}ultigroup
	{S}n {T}ransport {E}quation using a {H}igh-{O}rder {D}iscontinuous
	{F}inite {E}lement {M}ethod},
  school = {Texas A\&M University},
  year = {2009},
  file = {Adaptive Mesh Refinement Solution Technique for the Multigroup Sn Transport Equation using a High-Order Discontinuous Finite Element Method.pdf:AMR/Adaptive Mesh Refinement Solution Technique for the Multigroup Sn Transport Equation using a High-Order Discontinuous Finite Element Method.pdf:PDF},
  keywords = {Amr, Acceleration, Dsa, P1sa, Dg},
  owner = {bruno},
  timestamp = {2012.11.07}
}

@ARTICLE{Wang2010,
  author = {Y. Wang and J.C. Ragusa},
  title = {{D}iffusion {S}ynthetic {A}cceleration for {H}igh-{O}rder {D}iscontinuous
	{F}inite {E}lement {S}n {T}ransport {S}chemes and {A}pplications
	to {L}ocally {R}efined {U}nstructured {M}eshes},
  journal = {Nuclear Science and Engineering},
  year = {2010},
  volume = {166},
  pages = {145-166},
  keywords = {Acceleration, Dsa},
  owner = {bruno},
  timestamp = {2012.10.31}
}

@ARTICLE{Wang2010a,
  author = {Yaqi Wang and Jean C. Ragusa},
  title = {{S}tandard and {G}oal-{O}riented {A}daptive {M}esh {R}efinement applied
	to {R}adiation {T}ransport on 2{D} {U}nstructured {T}riangular {M}eshes},
  journal = {Journal of Computational Physics},
  year = {2010},
  volume = {230},
  pages = {763-788},
  month = {October},
  file = {Standard and Goal-Oriented Adaptive Mesh Refinement Applied to Radiation Transport on 2D Unstructured Triangular Meshes.pdf:acceleration/Standard and Goal-Oriented Adaptive Mesh Refinement Applied to Radiation Transport on 2D Unstructured Triangular Meshes.pdf:PDF},
  keywords = {Amr},
  owner = {bruno},
  timestamp = {2012.11.16}
}

@ARTICLE{Wareing2001,
  author = {Todd A. Wareing and John M. McGhee and Jim E. Morel and Shawn D.
	Pautz},
  title = {{D}iscontinuous {F}inite {E}lement {S}n {M}ethods on {T}hree-{D}imensional
	{U}nstructured {G}rids},
  journal = {Nuclear Science and Engineering},
  year = {2001},
  volume = {138},
  pages = {256-268},
  number = {3},
  month = {July},
  file = {Discontinuous Finite Element SN Methods on Three-Dimensional Unstructured Grids.pdf:DG/Discontinuous Finite Element SN Methods on Three-Dimensional Unstructured Grids.pdf:PDF},
  keywords = {Spatial-Discretization},
  owner = {bruno},
  timestamp = {2012.10.31}
}

@ARTICLE{Warsa2008,
  author = {James S. Warsa},
  title = {{A} {C}ontinuous {F}inite {E}lement-{B}ased, {D}iscontinuous {F}inite
	{E}lement {M}ethod for {S}n {T}ransport},
  journal = {Nuclear Science and Engineering},
  year = {2008},
  volume = {160},
  pages = {385-400},
  file = {A Continuous Finite Element-Based, Discontinuous Finite Element Method for Sn Transport.pdf:DG/A Continuous Finite Element-Based, Discontinuous Finite Element Method for Sn Transport.pdf:PDF},
  keywords = {Spatial-Discretization, DG},
  owner = {bruno},
  timestamp = {2012.09.14}
}

@MISC{cepxs,
  title = {{CEPXS}/{ONELD} 1.0 manual user},
  note = {RSICC Computer Code Collection},
  keywords = {Electron, Boltzmann-Fokker-Planck},
  owner = {bruno},
  timestamp = {2012.11.07}
}

@MISC{scipy,
  title = {{M}odule {S}ci{P}y.optimize.anneal},
  note = {Online; accessed 4-February-2011},
  keywords = {Misc},
  owner = {bruno},
  timestamp = {2012.09.14},
  url = {http://www.scipy.org/doc/api_docs/Scipy.optimize.anneal.html}
}

@MISC{cgal,
  title = {{CGAL} {C}omputational {G}eometry {A}lgorithms {L}ibrary},
  year = {2012},
  keywords = {Mesh},
  owner = {bruno},
  timestamp = {2012.11.16},
  url = {http://www.cgal.org}
}

@MISC{mstk,
  title = {{MSTK}/{M}esh{T}ools},
  year = {2012},
  keywords = {Mesh},
  owner = {bruno},
  timestamp = {2012.11.16},
  url = {https://software.lanl.gov/MeshTools/trac}
}

@comment{jabref-meta: selector_publisher:}

@comment{jabref-meta: fileDirectory-bruno:/home/bruno/Documents/Docs;}

@comment{jabref-meta: selector_author:}

@comment{jabref-meta: selector_journal:}

@comment{jabref-meta: selector_keywords:}

@comment{jabref-meta: groupsversion:3;}

@comment{jabref-meta: groupstree:
0 AllEntriesGroup:;
1 ExplicitGroup:Automatically created groups\;2\;;
2 KeywordGroup:Acceleration\;0\;keywords\;Acceleration\;0\;0\;;
2 KeywordGroup:Amr\;0\;keywords\;Amr\;0\;0\;;
2 KeywordGroup:Boltzmann-fokker-planck\;0\;keywords\;Boltzmann-fokker-
planck\;0\;0\;;
2 KeywordGroup:Charged-particle\;0\;keywords\;Charged-particle\;0\;0\;
;
2 KeywordGroup:Dg\;0\;keywords\;Dg\;0\;0\;;
2 KeywordGroup:Dsa\;0\;keywords\;Dsa\;0\;0\;;
2 KeywordGroup:Electron\;0\;keywords\;Electron\;0\;0\;;
2 KeywordGroup:Fokker-planck\;0\;keywords\;Fokker-planck\;0\;0\;;
2 KeywordGroup:Forward-peaked\;0\;keywords\;Forward-peaked\;0\;0\;;
2 KeywordGroup:Galerkin\;0\;keywords\;Galerkin\;0\;0\;;
2 KeywordGroup:Krylov-solver\;0\;keywords\;Krylov-solver\;0\;0\;;
2 KeywordGroup:Mesh\;0\;keywords\;Mesh\;0\;0\;;
2 KeywordGroup:Mfd\;0\;keywords\;Mfd\;0\;0\;;
2 KeywordGroup:Misc\;0\;keywords\;Misc\;0\;0\;;
2 KeywordGroup:Monte-carlo\;0\;keywords\;Monte-carlo\;0\;0\;;
2 KeywordGroup:Multigrid\;0\;keywords\;Multigrid\;0\;0\;;
2 KeywordGroup:Optimization\;0\;keywords\;Optimization\;0\;0\;;
2 KeywordGroup:P1sa\;0\;keywords\;P1sa\;0\;0\;;
2 KeywordGroup:Pencil-beam\;0\;keywords\;Pencil-beam\;0\;0\;;
2 KeywordGroup:Radiative_transfer\;0\;keywords\;Radiative_transfer\;0\
;0\;;
2 KeywordGroup:Radiotherapy\;0\;keywords\;Radiotherapy\;0\;0\;;
2 KeywordGroup:Spatial-discretization\;0\;keywords\;Spatial-discretiza
tion\;0\;0\;;
2 KeywordGroup:Sweep\;0\;keywords\;Sweep\;0\;0\;;
2 KeywordGroup:Transport-correction\;0\;keywords\;Transport-correction
\;0\;0\;;
}

